@book{author1,
  author    = {John Doe},
  title     = {Introduction to LaTeX},
  year      = {2020},
  publisher = {LaTeX Publishing}
}

@article{author2,
  author    = {Jane Smith},
  title     = {LaTeX for Researchers},
  journal   = {Journal of Mathematics},
  year      = {2018},
  volume    = {22},
  pages     = {45-59}
}

@book{author3,
  author    = {Alice Brown},
  title     = {Mastering LaTeX},
  year      = {2017},
  publisher = {Academic Press}
}

@article{author4,
  author    = {Bob White},
  title     = {Advanced LaTeX Techniques},
  journal   = {Techniques in Mathematics},
  year      = {2021},
  volume    = {34},
  pages     = {123-135}
}

@article{author5,
  author    = {Sara Black},
  title     = {LaTeX in Academic Writing},
  journal   = {Science and Technology Journal},
  year      = {2019},
  volume    = {13},
  pages     = {12-21}
}

@article{author6,
  author    = {David Green},
  title     = {Why LaTeX Matters},
  journal   = {Research Methods Review},
  year      = {2018},
  volume    = {9},
  pages     = {34-50}
}

@book{author7,
  author    = {Emily White},
  title     = {The LaTeX Companion},
  year      = {2016},
  publisher = {TeX Publishing}
}

@article{author8,
  author    = {Mark Johnson},
  title     = {The Efficiency of LaTeX},
  journal   = {Computing in Academia},
  year      = {2020},
  volume    = {7},
  pages     = {22-29}
}

@article{author9,
  author    = {Rachel Lee},
  title     = {Bibliographies and Citations in LaTeX},
  journal   = {Journal of Citation Research},
  year      = {2022},
  volume    = {15},
  pages     = {90-105}
}

@book{author10,
  author    = {Chris Red},
  title     = {Collaborative Writing with LaTeX},
  year      = {2021},
  publisher = {LaTeX Press}
}